

%XXXXXXXXXXXXXXXXXXXXXXXXXXXXXXXXXXXX

@inproceedings{cachin2016architecture,
  title={Architecture of the hyperledger blockchain fabric},
  author={Cachin, Christian and others},
  booktitle={Workshop on distributed cryptocurrencies and consensus ledgers},
  volume={310},
  pages={4},
  year={2016}
}

@article{greve2018blockchain,
  title={Blockchain e a Revolu{\c{c}}{\~a}o do Consenso sob Demanda},
  author={Greve, Fab{\'\i}ola and Sampaio, Leobino and ABIJAUDE, JW and COUTINHO, AA and VALCY, I and Queiroz, S{\'\i}lvio},
  journal={Livro de Minicursos do SBRC},
  volume={1},
  pages={1--52},
  year={2018}
}

@article{nakamoto2008bitcoin,
  title={Bitcoin: A peer-to-peer electronic cash system},
  journal={Citeseer},
  author={Nakamoto, Satoshi and others},
  year={2008},
  publisher={Working Paper}
}

@book{swan2015blockchain,
  title={Blockchain: Blueprint for a new economy},
  author={Swan, Melanie},
  year={2015},
  publisher={" O'Reilly Media, Inc."}
}


@article{michael2018blockchain,
  title={Blockchain Technology},
  author={MICHAEL, JW and COHN, ALAN and BUTCHER, JARED R},
  journal={The Journal},
  year={2018}
}

@misc{coindesk,
  author={Coindesk},
  title={State of Blockchain q1 2016: Blockchain Funding Overtakes Bitcoin},
  year={2016},
  howpublished={\url{https://www.coindesk.com/state-of-blockchain-q1-2016}},
  note={[Online; accessed 17-March-2019]} 
}

@article{zheng2016blockchain,
  title={Blockchain challenges and opportunities: A survey},
  author={Zheng, Zibin and Xie, Shaoan and Dai, Hong-Ning and Wang, Huaimin},
  journal={Work Pap.--2016},
  year={2016}
}

@book{narayanan2016bitcoin,
  title={Bitcoin and cryptocurrency technologies: A comprehensive introduction},
  author={Narayanan, Arvind and Bonneau, Joseph and Felten, Edward and Miller, Andrew and Goldfeder, Steven},
  year={2016},
  publisher={Princeton University Press}
}

@inproceedings{merkle1989certified,
  title={A certified digital signature},
  author={Merkle, Ralph C},
  booktitle={Conference on the Theory and Application of Cryptology},
  pages={218--238},
  year={1989},
  organization={Springer}
}

@misc{kostarev2017review,
  title={Review of blockchain consensus mechanisms},
  author={Kostarev, Gleb},
  year={2017},
  publisher={Waves Platform.[Consulta: 12 Julho, 2018]. Disponível em:< https://blog~…}
}

@article{lamport1982byzantine,
  title={The Byzantine generals problem},
  author={Lamport, Leslie and Shostak, Robert and Pease, Marshall},
  journal={ACM Transactions on Programming Languages and Systems (TOPLAS)},
  volume={4},
  number={3},
  pages={382--401},
  year={1982},
  publisher={ACM}
}

@inproceedings{mingxiao2017review,
  title={A review on consensus algorithm of blockchain},
  author={Mingxiao, Du and Xiaofeng, Ma and Zhe, Zhang and Xiangwei, Wang and Qijun, Chen},
  booktitle={2017 IEEE International Conference on Systems, Man, and Cybernetics (SMC)},
  pages={2567--2572},
  year={2017},
  organization={IEEE}
}

@misc{Bankrate2018,
  title={What is a blockchain?},
  author={Bankrate},
  year={2017},
  howpublished={\url{https://www.bankrate.com/glossary/b/blockchain/}},
  note={[Online; accessed 22-Julho-2019]}
}

@inproceedings{androulaki2018hyperledger,
  title={Hyperledger fabric: a distributed operating system for permissioned blockchains},
  author={Androulaki, Elli and Barger, Artem and Bortnikov, Vita and Cachin, Christian and Christidis, Konstantinos and De Caro, Angelo and Enyeart, David and Ferris, Christopher and Laventman, Gennady and Manevich, Yacov and others},
  booktitle={Proceedings of the Thirteenth EuroSys Conference},
  pages={30},
  year={2018},
  organization={ACM}
}

@misc{Comstor2018,
  title={Blockchain pública e privada qual a diferença?},
  author={Canal Comstor},
  year={2017},
  howpublished={\url{https://blogbrasil.comstor.com/blockchain-publica-e-privada-qual-a-diferenca}},
  note={[Online; accessed 22-Julho-2019]}
}

@book{bashir2018mastering,
  title={Mastering blockchain: Distributed ledger technology, decentralization, and smart contracts explained},
  author={Bashir, Imran},
  year={2018},
  publisher={Packt Publishing Ltd}
}

@book{antonopoulos2017mastering,
  title={Mastering Bitcoin: Programming the open blockchain},
  author={Antonopoulos, Andreas M},
  year={2017},
  publisher={" O'Reilly Media, Inc."}
}

@inproceedings{douceur2002sybil,
  title={The sybil attack},
  author={Douceur, John R},
  booktitle={International workshop on peer-to-peer systems},
  pages={251--260},
  year={2002},
  organization={Springer}
}

@article{cachin2017blockchain,
  title={Blockchain consensus protocols in the wild},
  author={Cachin, Christian and Vukoli{\'c}, Marko},
  journal={arXiv preprint arXiv:1707.01873},
  year={2017}
}

@article{abraham2017blockchain,
  title={The blockchain consensus layer and BFT},
  author={Abraham, Ittai and Malkhi, Dahlia and others},
  journal={Bulletin of EATCS},
  volume={3},
  number={123},
  year={2017}
}

@article{schneider1990implementing,
  title={Implementing fault-tolerant services using the state machine approach: A tutorial},
  author={Schneider, Fred B},
  journal={ACM Computing Surveys (CSUR)},
  volume={22},
  number={4},
  pages={299--319},
  year={1990},
  publisher={ACM}
}

@article{szabo1997idea,
  title={The idea of smart contracts},
  author={Szabo, Nick},
  journal={Nick Szabo’s Papers and Concise Tutorials},
  year={1997}
}

@misc{wood2018secure,
  title={A Secure Decentralised Generalised Transaction Ledger},
  author={Wood, ETHEREUM},
  year={2018}
}
@article{kosbaa2016theblockchain,
  title={Theblockchain modelofcryptographyandprivacy preservingsmartcontracts},
  author={KOSBAA, MILLERA and others},
  journal={SecurityandPrivacy (SP), 2016IEEESymposiumon. IEEE},
  year={2016}
}

@article{christidis2016blockchains,
  title={Blockchains and smart contracts for the internet of things},
  author={Christidis, Konstantinos and Devetsikiotis, Michael},
  journal={Ieee Access},
  volume={4},
  pages={2292--2303},
  year={2016},
  publisher={Ieee}
}

@article{folinas2006traceability,
  title={Traceability data management for food chains},
  author={Folinas, Dimitris and Manikas, Ioannis and Manos, Basil},
  journal={British Food Journal},
  volume={108},
  number={8},
  pages={622--633},
  year={2006},
  publisher={Emerald Group Publishing Limited}
}
@article{abeyratne2016blockchain,
  title={Blockchain ready manufacturing supply chain using distributed ledger},
  author={Abeyratne, Saveen A and Monfared, Radmehr P},
  journal={International Journal of Research in Engineering and Technology},
  volume={5},
  number={9},
  pages={1--10},
  year={2016},
  publisher={{\copyright} The Authors. Published by eSAT}
}

@article{valenta2017comparison,
  title={Comparison of ethereum, hyperledger fabric and corda},
  author={Valenta, Martin and Sandner, Philipp},
  journal={[ebook] Frankfurt School, Blockchain Center},
  year={2017}
}

@inproceedings{martin2017technology,
  title={Technology and Innovation for the Future of Production: Accelerating Value Creation},
  author={Martin, C and Leurent, H},
  booktitle={World Economic Forum, Geneva Switzerland},
  year={2017}
}

@misc{raskin2017law,
  title={The law and legality of smart contracts. 1 Georgetown Law Technology Review 304},
  author={Raskin, M},
  year={2017},
  publisher={GeorgeTown}
}
@inproceedings{nystrom1999pkcs,
  title={PKCS\# 15-A Cryptographic Token Information Format Standard.},
  author={Nystr{\"o}m, Magnus},
  booktitle={Smartcard},
  year={1999}
}
@article{iansiti2017truth,
  title={The truth about blockchain},
  author={Iansiti, Marco and Lakhani, Karim R},
  journal={Harvard Business Review},
  volume={95},
  number={1},
  pages={118--127},
  year={2017}
}

@article{liao2011food,
  title={Why is the food traceability system unsuccessful in Taiwan? Empirical evidence from a national survey of fruit and vegetable farmers},
  author={Liao, Pei-An and Chang, Hung-Hao and Chang, Chun-Yen},
  journal={Food Policy},
  volume={36},
  number={5},
  pages={686--693},
  year={2011},
  publisher={Elsevier}
}

@book{van2007essentials,
  title={Essentials of corporate communication: Implementing practices for effective reputation management},
  author={Van Riel, Cees BM and Fombrun, Charles J},
  year={2007},
  publisher={Routledge}
}

@article{pizzuti2015global,
  title={The Global Track\&Trace System for food: General framework and functioning principles},
  author={Pizzuti, Teresa and Mirabelli, Giovanni},
  journal={Journal of Food Engineering},
  volume={159},
  pages={16--35},
  year={2015},
  publisher={Elsevier}
}

@article{svensson2009transparency,
  title={The transparency of SCM ethics: conceptual framework and empirical illustrations},
  author={Svensson, G{\"o}ran},
  journal={Supply Chain Management: An International Journal},
  volume={14},
  number={4},
  pages={259--269},
  year={2009},
  publisher={Emerald Group Publishing Limited}
}

@article{mejia2010traceability,
  title={Traceability (product tracing) in food systems: an IFT report submitted to the FDA, volume 2: cost considerations and implications.},
  author={Mejia, Carla and McEntire, Jennifer and Keener, Kevin and Muth, Mary K and Nganje, William and Stinson, Thomas and Jensen, Helen and others},
  journal={Comprehensive Reviews in Food Science and Food Safety},
  volume={9},
  number={1},
  pages={159--175},
  year={2010},
  publisher={Blackwell Publishing}
}

@article{dabbene2011food,
  title={Food traceability systems: Performance evaluation and optimization},
  author={Dabbene, Fabrizio and Gay, Paolo},
  journal={Computers and Electronics in Agriculture},
  volume={75},
  number={1},
  pages={139--146},
  year={2011},
  publisher={Elsevier}
}

@article{aung2014traceability,
  title={Traceability in a food supply chain: Safety and quality perspectives},
  author={Aung, Myo Min and Chang, Yoon Seok},
  journal={Food control},
  volume={39},
  pages={172--184},
  year={2014},
  publisher={Elsevier}
}
@techreport{golan2004traceability,
  title={Traceability in the US food supply: economic theory and industry studies},
  author={Golan, Elise H and Krissoff, Barry and Kuchler, Fred and Calvin, Linda and Nelson, Kenneth E and Price, Gregory K},
  institution={e U.S. Department of Agriculture (USDA)},
  year={2004}
}
@article{vargas2017trazabilidad,
  title={Trazabilidad en alimentos [19 de julio de 2017]},
  author={Vargas Roca, Violeta},
  year={2017},
  publisher={PromPer{\'u}}
}
@book{buurman2002supply,
  title={Supply chain logistics management},
  author={Buurman, J},
  year={2002},
  publisher={McGraw-Hill}
}

@article{sauer2018extending,
  title={Extending the reach of multi-tier sustainable supply chain management--insights from mineral supply chains},
  author={Sauer, Philipp C and Seuring, Stefan},
  journal={International Journal of Production Economics},
  year={2018},
  publisher={Elsevier}
}

@misc{provenance2015,
  author={Herzberg B.},
  title={Blockchain: the solution for transparency in product supply chains},
  year={2015},
  howpublished={\url{https://www.provenance.org/whitepaper}},
  note={[Online; accessed 17-september-2019]} 
}

@book{gryna1998juran,
  title={Juran's quality control handbook},
  author={Gryna, Frank M and Juran, Joseph Moses},
  year={1998},
  publisher={McGraw-Hill}
}
@article{Opara2001,
author = {Opara, Umezuruike and Mazaud, François},
year = {2001},
month = {12},
pages = {239-247},
title = {Food traceability from field to plate},
volume = {30},
journal = {Outlook on Agriculture},
doi = {10.5367/000000001101293724}
}
@article{opara2003traceability,
  title={Traceability in agriculture and food supply chain: a review of basic concepts, technological implications, and future prospects},
  author={Opara, Linus U},
  journal={Journal of Food Agriculture and Environment},
  volume={1},
  pages={101--106},
  year={2003},
  publisher={WFL PUBLISHER}
}
%%%%%%%%%%%%%%%%%%%%%%%%%%%%%%%%%%%%%%%%%%%%%%%%%%%%%%%%%%%%%%
%1
@inproceedings{tian2017supply,
  title={A supply chain traceability system for food safety based on HACCP, blockchain \& Internet of things},
  author={Tian, Feng},
  booktitle={2017 International Conference on Service Systems and Service Management},
  pages={1--6},
  year={2017},
  organization={IEEE}
}

%2
@article{lu2017adaptable,
  title={Adaptable blockchain-based systems: A case study for product traceability},
  author={Lu, Qinghua and Xu, Xiwei},
  journal={IEEE Software},
  volume={34},
  number={6},
  pages={21--27},
  year={2017},
  publisher={IEEE}
}

%3
@article{galvez2018future,
  title={Future challenges on the use of blockchain for food traceability analysis},
  author={Galvez, Juan F and Mejuto, JC and Simal-Gandara, J},
  journal={TrAC Trends in Analytical Chemistry},
  year={2018},
  publisher={Elsevier}
}
%  volume={107},
%  pages={222--232},

%5
@inproceedings{caro2018blockchain,
  title={Blockchain-based traceability in Agri-Food supply chain management: A practical implementation},
  author={Caro, Miguel Pincheira and Ali, Muhammad Salek and Vecchio, Massimo and Giaffreda, Raffaele},
  booktitle={2018 IoT Vertical and Topical Summit on Agriculture-Tuscany (IOT Tuscany)},
  pages={1--4},
  year={2018},
  organization={IEEE}
}

%6
@article{litke2019blockchains,
  title={Blockchains for Supply Chain Management: Architectural Elements and Challenges Towards a Global Scale Deployment},
  author={Litke, Antonios and Anagnostopoulos, Dimosthenis and Varvarigou, Theodora},
  journal={Logistics},
  volume={3},
  number={1},
  pages={5},
  year={2019},
  publisher={Multidisciplinary Digital Publishing Institute}
}

@article{kamath2018food,
  title={Food traceability on blockchain: Walmart’s pork and mango pilots with IBM},
  author={Kamath, Reshma},
  journal={The Journal of the British Blockchain Association},
  volume={1},
  number={1},
  pages={3712},
  year={2018},
  publisher={The British Blockchain Association}
}

@article{crosby2016blockchain,
  title={Blockchain technology: Beyond bitcoin},
  author={Crosby, Michael and Pattanayak, Pradan and Verma, Sanjeev and Kalyanaraman, Vignesh and others},
  journal={Applied Innovation},
  volume={2},
  number={6-10},
  pages={71},
  year={2016}
}